<record><leader>00000cas a2200000 a 4500</leader><controlfield tag="001">20409215</controlfield><controlfield tag="008">890928d187219uucouwr ne      0    0eng c</controlfield><datafield ind1=" " ind2=" " tag="010"><subfield code="a">sn 89052262 </subfield></datafield><datafield ind1=" " ind2=" " tag="040"><subfield code="a">CNQ</subfield><subfield code="b">eng</subfield><subfield code="c">CNQ</subfield><subfield code="d">ANU</subfield><subfield code="d">CRL</subfield><subfield code="d">CNK</subfield><subfield code="d">NVG</subfield><subfield code="d">NVF</subfield><subfield code="d">DLC</subfield><subfield code="d">OBN</subfield><subfield code="d">DLC</subfield><subfield code="d">OCLCQ</subfield><subfield code="d">DLC</subfield><subfield code="d">CUI</subfield><subfield code="d">OCLCQ</subfield><subfield code="d">OCLCF</subfield></datafield><datafield ind1="1" ind2=" " tag="029"><subfield code="a">AU@</subfield><subfield code="b">000025899991</subfield></datafield><datafield ind1=" " ind2=" " tag="042"><subfield code="a">pcc</subfield></datafield><datafield ind1=" " ind2=" " tag="043"><subfield code="a">n-us-co</subfield></datafield><datafield ind1="0" ind2="0" tag="050"><subfield code="a">Newspaper</subfield></datafield><datafield ind1=" " ind2="4" tag="050"><subfield code="a">AN</subfield></datafield><datafield ind1="0" ind2=" " tag="130"><subfield code="a">Weekly Rocky Mountain news (Denver, Colo. : 1872)</subfield></datafield><datafield ind1="1" ind2="0" tag="245"><subfield code="a">Weekly Rocky Mountain news.</subfield></datafield><datafield ind1="3" ind2=" " tag="246"><subfield code="a">Rocky Mountain news</subfield></datafield><datafield ind1="3" ind2=" " tag="246"><subfield code="a">Weekly news</subfield></datafield><datafield ind1="1" ind2=" " tag="246"><subfield code="i">Published as:</subfield><subfield code="a">Rocky Mountain news and the Colorado weekly times</subfield><subfield code="f">&lt;1908&gt;</subfield></datafield><datafield ind1=" " ind2=" " tag="260"><subfield code="a">Denver, Colo. :</subfield><subfield code="b">Wm. N. Byers,</subfield><subfield code="c">1872-</subfield></datafield><datafield ind1=" " ind2=" " tag="300"><subfield code="a">v.</subfield></datafield><datafield ind1=" " ind2=" " tag="310"><subfield code="a">Weekly</subfield></datafield><datafield ind1="0" ind2=" " tag="362"><subfield code="a">Vol. 14 (May 15, 1872)-</subfield></datafield><datafield ind1=" " ind2=" " tag="515"><subfield code="a">First issue of 1877 called v. 18; remainder of 1877 called v. 19; 1879 variously numbered but constitutes v. 21.</subfield></datafield><datafield ind1=" " ind2=" " tag="525"><subfield code="a">Supplements accompany some numbers.</subfield></datafield><datafield ind1=" " ind2=" " tag="530"><subfield code="a">Available on microfilm from the Colorado Historical Society.</subfield></datafield><datafield ind1=" " ind2=" " tag="580"><subfield code="a">Daily eds.: Daily Rocky Mountain news, 1872-1879; Rocky Mountain news (Denver, Colo. : 1879), 1879-&lt;1925&gt;.</subfield></datafield><datafield ind1=" " ind2=" " tag="580"><subfield code="a">Published from same office: Denver mirror (Denver, Colo. : 1873).</subfield></datafield><datafield ind1=" " ind2=" " tag="588"><subfield code="a">Latest issue consulted: Vol. 21 (Dec. 24, 1879).</subfield></datafield><datafield ind1=" " ind2="0" tag="651"><subfield code="a">Denver (Colo.)</subfield><subfield code="v">Newspapers.</subfield></datafield><datafield ind1=" " ind2="7" tag="655"><subfield code="a">Newspapers.</subfield><subfield code="2">fast</subfield><subfield code="0">(OCoLC)fst01423814</subfield></datafield><datafield ind1=" " ind2="7" tag="651"><subfield code="a">Colorado</subfield><subfield code="z">Denver.</subfield><subfield code="2">fast</subfield><subfield code="0">(OCoLC)fst01205192</subfield></datafield><datafield ind1=" " ind2=" " tag="752"><subfield code="a">United States</subfield><subfield code="b">Colorado</subfield><subfield code="c">Denver</subfield><subfield code="d">Denver.</subfield></datafield><datafield ind1="1" ind2=" " tag="775"><subfield code="t">Daily Rocky Mountain news</subfield><subfield code="w">(DLC)sn 82014501</subfield><subfield code="w">(OCoLC)8789965</subfield></datafield><datafield ind1="1" ind2=" " tag="775"><subfield code="t">Rocky Mountain news (Denver, Colo. : 1879)</subfield><subfield code="w">(DLC)sn 83016743</subfield><subfield code="w">(OCoLC)10089899</subfield></datafield><datafield ind1="0" ind2="8" tag="776"><subfield code="i">Online version:</subfield><subfield code="t">Weekly Rocky Mountain news (Denver, Colo. : 1872 : Online)</subfield><subfield code="w">(OCoLC)192107574</subfield></datafield><datafield ind1="0" ind2="0" tag="780"><subfield code="t">Rocky Mountain news (Denver, Colo. : 1865)</subfield><subfield code="w">(DLC)sn 82014499</subfield><subfield code="w">(OCoLC)8789765</subfield></datafield><datafield ind1="0" ind2="5" tag="780"><subfield code="t">Weekly Republican (Denver, Colo. : 1887)</subfield><subfield code="w">(DLC)sn 84025788</subfield><subfield code="w">(OCoLC)10731036</subfield></datafield><datafield ind1="1" ind2=" " tag="787"><subfield code="t">Denver mirror (Denver, Colo. : 1873)</subfield><subfield code="w">(DLC)sn 82014918</subfield><subfield code="w">(OCoLC)8797856</subfield></datafield></record>